@book{beck2003test,
      title={Test-driven development: by example},
        author={Beck, Kent},
          year={2003},
            publisher={Addison-Wesley Professional}
}

@ONLINE{gson,
    author = {Google},
    title = {A Java library to convert JSON to Java objects and vice-versa}},
    month = march,
    year = {2014},
    url = {http://code.google.com/p/google-gson/}
}

@ONLINE{mockito,
    author = {Google},
    title = {Mockito: Simpler \& Better Mocking @ONLINE}},
    month = march,
    year = {2014},
    url = {http://code.google.com/p/mockito/}
}

@ONLINE{junit,
    author = {JUnit Team},
    title = {JUnit @ONLINE}},
    month = march,
    year = {2014},
    url = {http://junit.org}
}

@ONLINE{gephi-consortium,
    author = {The Gephi Consortium},
    title = {Gephi Consortium @ONLINE}},
    month = march,
    year = {2014},
    url = {http://consortium.gephi.org}
}

@ONLINE{gexf,
    author = {The Gephi Consortium},
    title = {GEXF File Format @ONLINE}},
    month = march,
    year = {2014},
    url = {http://gexf.net/format}
}

@ONLINE{gephimarketplace,
    author = {The Gephi Consortium},
    title = {Gephi Marketplace @ONLINE}},
    month = march,
    year = {2014},
    url = {http://marketplace.gephi.org}
}

@inproceedings{von2011visual,
    title={Visual Analysis of Large Graphs: State-of-the-Art and
        Future Research Challenges},
    author={Von Landesberger, Tatiana and Kuijper, Arjan and
        Schreck, Tobias and Kohlhammer, J{\"o}rn and van Wijk, Jarke
            J and Fekete, J-D and Fellner, Dieter W},
    booktitle={Computer graphics forum},
    volume={30},
    number={6},
    pages={1719--1749},
    year={2011},
    organization={Wiley Online Library}
}

@INPROCEEDINGS{Kreitz:2010, 
author={Kreitz, G. and Niemela, F.}, 
booktitle={Peer-to-Peer Computing (P2P), 2010 IEEE Tenth Intl. conf. on}, title={Spotify -- Large Scale, Low Latency, {P2P} Music-on-Demand Streaming}, 
year={2010}, 
month={aug.}, 
volume={}, 
number={}, 
pages={1 -10}, 
keywords={European country;Spotify;cached track;client server access;low latency access;music on demand;music streaming service;peer to peer protocol;audio streaming;cache storage;client-server systems;media streaming;multimedia computing;music;peer-to-peer computing;}, 
doi={10.1109/P2P.2010.5569963}, 
ISSN={},
}

@article{Patel:2009,
 author = {Patel, J.A. and Rivi\`{e}re, \'{E}. and Gupta, I. and Kermarrec, A.M.},
 title = {Rappel: Exploiting interest and network locality to improve fairness in publish-subscribe systems},
journal = {Computer Networks},
pages = {2304 - 2320},
volume = {53},
year = {2009},
} 

@ARTICLE{Castro:2002, 
author={Castro, M. and Druschel, P. and Kermarrec, A.M. and Rowstron, A.I.T.}, 
journal={IEEE Journal on Selected Areas in Communications}, 
title={Scribe: a large-scale and decentralized application-level multicast infrastructure}, 
year={2002}, 
pages = {1489 - 1499},
volume = {20},
}

@inproceedings{Zhuang:2001,
 author = {Zhuang, S.Q. and Zhao, B.Y. and Joseph, A.D. and Katz, R.H. and Kubiatowicz, J.D.},
 title = {Bayeux: an architecture for scalable and fault-tolerant wide-area data dissemination},
 booktitle = {NOSSDAV},
 year = {2001},
}

@inproceedings{Baldoni:2007,
 author = {Baldoni, R. and Beraldi, R. and Quema, V. and Querzoni, L. and Tucci-Piergiovanni, S. },
 title = {TERA: topic-based event routing for peer-to-peer architectures},
 booktitle = {DEBS},
 year = {2007},
} 


@INPROCEEDINGS{Rahimian:2011, 
author={Rahimian, F. and Girdzijauskas, S. and Payberah, A.H. and Haridi, S.}, 
booktitle={IPDPS}, 
title={Vitis: A Gossip-based Hybrid Overlay for Internet-scale Publish/Subscribe Enabling Rendezvous Routing in Unstructured Overlay Networks}, 
year={2011}, 
}

@INPROCEEDINGS{Baehni:2004, 
author={Baehni, S. and Eugster, P.T. and Guerraoui, R.}, 
booktitle={DSN}, title={Data-aware multicast}, 
year={2004}, 
}

@inproceedings{Matos:2010,
 author = {Matos, M. and Nunes, A. and Oliveira, R. and Pereira, J.},
 title = {StAN: exploiting shared interests without disclosing them in gossip-based publish/subscribe},
 booktitle = {IPTPS},
 year = {2010},
} 

@inproceedings{Wong:2008,
 author = {Wong, B. and Guha, S.},
 title = {Quasar: a probabilistic publish-subscribe system for social networks},
 booktitle = {IPTPS},
 year = {2008},
} 

@inproceedings{Girdzijauskas:2010,
 author = {Girdzijauskas, S. and Chockler, G. and Vigfusson, Y. and Tock, Y. and Melamed, R.},
 title = {Magnet: practical subscription clustering for Internet-scale {Pub/Sub}},
 booktitle = {DEBS},
 year = {2010},
 
 } 
 
 @inproceedings{Chockler:2007,
 author = {Chockler, G. and Melamed, R. and Tock, Y. and Vitenberg, R.},
 title = {SpiderCast: a scalable interest-aware overlay for topic-based pub/sub communication},
 booktitle = {DEBS},
 year = {2007},
} 

@INPROCEEDINGS{Buchegger:2009, 
author={Buchegger, S. and Datta, A.}, 
booktitle={Intl. conf. on WOSNSS}, 
title={A case for {P2P} infrastructure for social networks - opportunities \& challenges}, 
year={2009}, 
}

@INPROCEEDINGS{Mega:2011, 
author={Mega, G.  Montresor, A. and Picco, G.}, 
booktitle={P2P}, 
title={AEfficient Dissemination in Decentralized Social Networks}, 
year={2011}, 
}

@article{Jelasity,
  author    = {Jelasity, M. and
               Montresor, A. and
               Babaoglu, {\"O}.},
  title     = {{T-Man}: Gossip-based fast overlay topology construction},
  journal   = {Computer Networks},
  year      = {2009},
  number = {13},
  pages = {2321 - 2339},
  volume = {53},
}

@inproceedings{Chockler1:2007,
 author = {Chockler, G. and Melamed, R. and Tock, Y. and Vitenberg, R.},
 title = {Constructing scalable overlays for pub-sub with many topics},
 booktitle = {PODC},
 year = {2007},
} 

@article {Saroiu:2003,
   author = {Saroiu, S. and Gummadi, K.P. and Gribble, S.D.},
   affiliation = {Department of Computer Science and Engineering University of Washington 98195-2350 Seattle WA USA},
   title = {Measuring and analyzing the characteristics of Napster and Gnutella hosts},
   journal = {Multimedia Systems},
   year = {2003},
} 

@inproceedings{voulgaris:2007,
 author = {Voulgaris, S. and van Steen, M.},
 title = {Hybrid dissemination: adding determinism to probabilistic multicasting in large-scale {P2P} systems},
 booktitle = {Middleware},
 year = {2007},
pages = {389--409},
editor={Cerqueira, R. and Campbell, R.},
publisher = {Springer, New York},
series={LNCS},
} 

@inproceedings{Guha:2006,
    author = {Guha, S. and Daswani, N. and Jain, R.},
    booktitle = {IPTPS},
    title = {{An Experimental Study of the Skype Peer-to-Peer VoIP System}},
    year = {2006},
}

@article {Voulgaris:2005,
   author = {Voulgaris, S. and Gavidia, D. and van Steen, M.},
   title = {CYCLON: Inexpensive Membership Management for Unstructured {P2P} Overlays},
   journal = {Journal of Network and Systems Management},
   issn = {1064-7570},
 pages = {197-217},
   volume = {13},
   issue = {2},
publisher = {Springer, New York},
   keyword = {Computer Science},
   url = {http://dx.doi.org/10.1007/s10922-005-4441-x},
   year = {2005},
}

@INPROCEEDINGS{Voulgaris:2006,
    author = {Voulgaris, S. and Rivi√®re, E. and Kermarrec, A. and van Steen, M.},
    title = {Sub-2-Sub: Self-Organizing Content-Based Publish Subscribe for Dynamic Large Scale Collaborative Networks},
    booktitle = {IPTPS},
    year = {2006},
}

@phdthesis{ voulgaris.thesis.2006,
	author = {Voulgaris, S.},
	title = {Epidemic-Based Self-Organization in Peer-to-Peer Systems},
	school = {VU Universiteit Amsterdam},
	year = {2006},
	type = {PhD thesis},
}


@inproceedings{Kwak10www,
	author = {Kwak, H. and Lee, C. and Park, H. and Moon, S.},
	title = {{W}hat is {T}witter, a social network or a news media?},
	booktitle = {WWW},
	year = {2010},
}

@inproceedings{p2p09-peersim,
	Author = {Montresor, A. and Jelasity, M.},
	Title = {{PeerSim}: A Scalable {P2P} Simulator},
	Booktitle = {P2P Computing},
	Year = {2009},
}



@article{king,
 author = {Gummadi, K. P. and Saroiu, S. and Gribble, S. D.},
 title = {King: estimating latency between arbitrary internet end hosts},
 journal = {SIGCOMM},
 year = {2002},
} 

@misc{goops,
author = {Reumann, J.},
title = {{GooPS: Pub/Sub at Google}},
note = {{Lecture \& Personal Communications at EuroSys \& CANOE Summer School, 2009}},
address = {Oslo, Norway},
}

@inproceedings{gtopss,
 author = {Petrovic, M. and Liu, H. and Jacobsen, H.},
 title = {{G-ToPSS}: fast filtering of graph-based metadata},
 booktitle = {WWW},
 year = {2005},
} 

@misc{tibcorv,
title = {Tibco rendezvous},
howpublished={\url{http://www.tibco.com}},
}

@misc{pastrypeersim,
title = {{An implementation of the Pastry protocol for PeerSim}},
howpublished={\url{http://peersim.sourceforge.net/code/pastry.tar.gz}},
}

@inproceedings{Liu:2005,
 author = {Liu, H. and Ramasubramanian, V. and Sirer, E. G.},
 title = {Client behavior and feed characteristics of {RSS}, a publish-subscribe system for web micronews},
 booktitle = {IMC},
 year = {2005},
} 

@InProceedings{facebook-eurosys09,
  author = 	 {Wilson, C. and Boe, B. and Sala, A. and Puttaswamy, K. P. N. and Zhao, B. Y.},
  title = 	 {User Interactions in Social Networks and their Implications},
  booktitle = {EuroSys},
  year = 	 {2009},
}

@article{Eugster:2003,
 author = {Eugster, P.T. and Felber, P.A. and Guerraoui, R. and Kermarrec, A.M.},
 title = {The many faces of publish/subscribe},
 journal = {ACM Comput. Surv.},
volume = {35},
pages = {114--131},
 year = {2003},
}

@article{Li:2010,
 author = {Li, G. and Muthusamy, V. and Jacobsen, H.A.},
 title = {A distributed service-oriented architecture for business process execution},
 journal = {ACM Trans. Web},
 year = {2010},
volume = {4},
pages = {2:1--2:33},
} 

@inproceedings{Rowstron:2001,
 author = {Rowstron, A.I.T. and Druschel, P.},
 title = {Pastry: Scalable, Decentralized Object Location, and Routing for Large-Scale Peer-to-Peer Systems},
 series = {Middleware},
 year = {2001},
volume = {2218},
pages = {329-350},
editor = {Guerraoui, R.},
publisher = {Springer, Berlin/Heidelberg},
series={LNCS},
} 

@article{Triantafillou:2009,
 author = {Peter Triantafillou and Ioannis Aekaterinidis},
 title = {Peer-to-Peer Publish-Subscribe Systems},
 journal = {Encyclopedia of Database Systems 2009: 2069-2075},
 year = {2009},
}

@INPROCEEDINGS{Puttaswamy:2008,
author={Puttaswamy, K. and Sala, A. and Zhao, B.Y.},
booktitle={Workshop in Secure Network Protocols},
title={Improving anonymity using social links},
year={2008},
}

@inproceedings{Setty:2012,
 author = {Setty, Vinay and van Steen, Maarten and Vitenberg, Roman and Voulgaris, Spyros},
 title = {PolderCast: fast, robust, and scalable architecture for P2P topic-based pub/sub},
 booktitle = {Proceedings of the 13th International Middleware Conference},
 series = {Middleware '12},
 year = {2012},
}

@article{Chun:2003,
author = {Chun, Brent and Culler, David and Roscoe, Timothy and Bavier, Andy and Peterson, Larry and Wawrzoniak, Mike and Bowman, Mic},
title = {PlanetLab: an overlay testbed for broad-coverage services},
journal = {SIGCOMM Comput. Commun. Rev.},
issue_date = {July 2003},
volume = {33},
number = {3},
month = jul,
year = {2003},
issn = {0146-4833},
pages = {3--12},
numpages = {10},
url = {http://doi.acm.org/10.1145/956993.956995},
doi = {10.1145/956993.956995},
acmid = {956995},
publisher = {ACM},
address = {New York, NY, USA},
} 

@inproceedings{kurant11_coarsetopology,
title= {{Coarse-Grained Topology Estimation via Graph Sampling}},
author= {Maciej Kurant and Minas Gjoka and Yan Wang and Zack W. Almquist and Carter T. Butts and Athina Markopoulou},
booktitle = {Proceedings of ACM SIGCOMM Workshop on Online Social Networks (WOSN) '12},
address = {Helsinki, Finland},
month = {August},
year = {2012}
}

@inproceedings{gjoka10_walkingfb, 
author= {Minas Gjoka and Maciej Kurant and Carter T. Butts and Athina Markopoulou}, 
title= { {Walking in Facebook: A Case Study of Unbiased Sampling of OSNs} }, 
booktitle = {Proceedings of IEEE INFOCOM '10},
address = {San Diego, CA}, 
month = {March}, 
year = {2010} 
}

@inproceedings{gjoka10_walkingfb, 
author= {Minas Gjoka and Maciej Kurant and Carter T. Butts and Athina Markopoulou}, 
title= { {Walking in Facebook: A Case Study of Unbiased Sampling of OSNs} }, 
booktitle = {Proceedings of IEEE INFOCOM '10},
address = {San Diego, CA}, 
month = {March}, 
year = {2010} 
}

@inproceedings{kurant11_magnifying,
title= {{Walking on a Graph with a Magnifying Glass: Stratified Sampling via Weighted Random Walks}},
author= {Maciej Kurant and Minas Gjoka and Carter T. Butts and Athina Markopoulou},
booktitle = {Proceedings of ACM SIGMETRICS '11},
address = {San Jose, CA},
month = {June},
year = {2011}
}

@article{tapestry,
title={Tapestry: An infrastructure for fault-tolerant wide-area location and routing},
author={Zhao, Ben Yanbin and Kubiatowicz, John and Joseph, Anthony D and others},
year={2001},
publisher={Citeseer}
}

@article{baldoni2005distributed,
title={Distributed event routing in publish/subscribe communication systems: a survey},
author={Baldoni, Roberto and Virgillito, Antonino},
journal={DIS, Universita di Roma La Sapienza, Tech. Rep},
pages={5},
year={2005}
}

@incollection{girdzijauskas2007oscar,
title={Oscar: Small-world overlay for realistic key distributions},
author={Girdzijauskas, Sarunas and Datta, Anwitaman and Aberer, Karl},
booktitle={Databases, Information Systems, and Peer-to-Peer Computing},
pages={247--258},
year={2007},
publisher={Springer}
}

@article{milgram1967small,
title={The small world problem},
author={Milgram, Stanley},
journal={Psychology today},
volume={2},
number={1},
pages={60--67},
year={1967},
publisher={New York}
}

@inproceedings{kleinberg2000small,
title={The small-world phenomenon: an algorithm perspective},
author={Kleinberg, Jon},
booktitle={Proceedings of the thirty-second annual ACM symposium on Theory of computing},
pages={163--170},
year={2000},
organization={ACM}
}

@inproceedings{onus2010parameterized,
title={Parameterized maximum and average degree approximation in topic-based publish-subscribe overlay network design},
author={Onus, Melih and Richa, Andr{\'e}a W},
booktitle={Distributed Computing Systems (ICDCS), 2010 IEEE 30th International Conference on},
pages={644--652},
year={2010},
organization={IEEE}
}

@unpublished{Chen:2013,
    title={ElastO: Dynamic, Efficient, and Robust Maintenance of Low
        Fan-Out Overlays for Topic-based Publish/Subscribe under Churn},
    author={Chen, Chen and Vitenberg, Roman and Jacobsen, Hans-Arno}
}

@article{janzen2005test,
title={Test-driven development concepts, taxonomy, and future direction},
author={Janzen, David and Saiedian, Hossein},
journal={Computer},
volume={38},
number={9},
pages={43--50},
year={2005},
publisher={IEEE}
}

@inproceedings{maximilien2003assessing,
title={Assessing test-driven development at IBM},
author={Maximilien, E Michael and Williams, Laurie},
booktitle={Software Engineering, 2003. Proceedings. 25th International Conference on},
pages={564--569},
year={2003},
organization={IEEE}
}

@paper{ICWSM09154,
    author = {Mathieu Bastian and Sebastien Heymann and Mathieu Jacomy},
    title = {Gephi: An Open Source Software for Exploring and
        Manipulating Networks},
    conference = {International AAAI Conference on Weblogs and Social
        Media},
    year = {2009},
    keywords = {network;network science;visualization;graph
        exploration;open source;free software;dynamic
            network;interactive interface;graph;force
            vector;java;OpenGL;3-D visualization;user-centric;graph
            layout;complex graph rendering;network analysis;webatlas},
    abstract = {Gephi is an open source software for graph and network
        analysis. It uses a 3D render engine to display large networks
            in real-time and to speed up the exploration. A flexible and
            multi-task architecture brings new possibilities to work
            with complex data sets and produce valuable visual results.
            We present several key features of Gephi in the context of
            interactive exploration and interpretation of networks. It
            provides easy and broad access to network data and allows
            for spatializing, filtering, navigating, manipulating and
                clustering. Finally, by presenting dynamic features of
                    Gephi, we highlight key aspects of dynamic network
                    visualization.},
    url = {http://www.aaai.org/ocs/index.php/ICWSM/09/paper/view/154}
}
